@book{stallings_2017, 
    place={Upper Saddle River}, 
    title={Cryptography and network security: principles and practice},
    chapter={Diffie-Hellman Key Exchange},
    pages={314-318},
    publisher={Pearson}, 
    author={Stallings, William}, 
    year={2017}
}