@misc{vigenere,
    author = "{Wikipedia contributors}",
    title = "Vigen√®re cipher --- {Wikipedia}{,} The Free Encyclopedia",
    year = "2019",
    howpublished = "\url{https://en.wikipedia.org/w/index.php?title=Vigen%C3%A8re_cipher}",
    note = "[Online]"
  }